@misc{album:template,
  author  = {Enter Shikari},
  title   = {The Mindsweep},
  year    = {2015},
  address = {St Albans, Hertfordshire, England},
  note    = {New K{\"o}chelverzeichnis Nr. 183, old version Nr. 25; 
             Erster Satz: Allegro con brio, Zweiter Satz: Andante, 
             Dritter Satz: Menuetto, Vierter Satz: Allegro},
}

@online{album:es:mindsweep,
  author  = {Enter Shikari},
  title   = {The Mindsweep},
  date    = 2015,
  month   = jan,
  day     = 19,
  address = {St Albans, Hertfordshire, England},
  url     = "https://songwhip.com/enter-shikari/the-mindsweep",
  urldate = {2014-12-01}
}

@online{album:es:ttts,
  author  = {Enter Shikari},
  title   = {Take to the Skies},
  date    = 2007,
  month   = mar,
  day     = 19,
  address = {St Albans, Hertfordshire, England},
  url     = "https://songwhip.com/enter-shikari/take-to-the-skies",
  urldate = {2010ish}
}