@online{w:flt,
    author    = "Wikipedia",
    title     = "Fermat's Last Theorem",
    url       = "https://en.wikipedia.org/w/index.php?title=Fermat%27s_Last_Theorem&oldid=1146996443",
    date      = 2023,
    month     = mar,
    day       = 28
}